@article{bounds_on_LRC, 
author={I. Tamo and A. Barg and A. Frolov}, 
journal={IEEE Transactions on Information Theory}, 
title={Bounds on the Parameters of Locally Recoverable Codes}, 
year={2016}, 
volume={62}, 
number={6}, 
pages={3070-3083}, 
keywords={error correction codes;graph theory;LRC code parameters;asymptotic Gilbert-Varshamov type bound;availability problem;disjoint recovering sets;error correcting codes;expander graph arguments;finite-length asymptotic bounds;finite-length upper bounds;locally recoverable code parameter;multiple recovering sets;single recovering set;Electronic mail;Linear programming;Maintenance engineering;Parity check codes;Switches;Upper bound;Availability problem;Gilbert-Varshamov bound;asymptotic bounds;graph expansion;recovery graph}, 
doi={10.1109/TIT.2016.2518663}, 
ISSN={0018-9448}, 
month={June},}

@article{bounds_on_LRC_t,
  author    = {Itzhak Tamo and
               Alexander Barg},
  title     = {Bounds on Locally Recoverable Codes with Multiple Recovering Sets},
  journal   = {CoRR},
  volume    = {abs/1402.0916},
  year      = {2014},
  url       = {http://arxiv.org/abs/1402.0916},
  archivePrefix = {arXiv},
  eprint    = {1402.0916},
  timestamp = {Wed, 07 Jun 2017 14:43:09 +0200},
  biburl    = {https://dblp.org/rec/bib/journals/corr/TamoB14},
  bibsource = {dblp computer science bibliography, https://dblp.org}
}

@article{3,
  author    = {Yuan Luo and
               Chaoping Xing and
               Chen Yuan},
  title     = {Optimal locally repairable codes of distance 3 and 4 via cyclic codes},
  journal   = {CoRR},
  volume    = {abs/1801.03623},
  year      = {2018},
  url       = {http://arxiv.org/abs/1801.03623},
  archivePrefix = {arXiv},
  eprint    = {1801.03623},
  timestamp = {Thu, 01 Feb 2018 19:52:26 +0100},
  biburl    = {https://dblp.org/rec/bib/journals/corr/abs-1801-03623},
  bibsource = {dblp computer science bibliography, https://dblp.org}
}

@article{4, 
author={J. Liu and S. Mesnager and L. Chen}, 
journal={IEEE Transactions on Information Theory}, 
title={New Constructions of Optimal Locally Recoverable Codes via Good Polynomials}, 
year={2018}, 
volume={64}, 
number={2}, 
pages={889-899}, 
keywords={linear codes;polynomials;code length;constructed polynomials;optimal LRC codes;optimal linear LRC codes;optimal linear locally recoverable codes;r-good polynomials;Additives;Electronic mail;Indexes;Information theory;Software;Transforms;Upper bound;Locally recoverable codes;Walsh-Hadamard transform;good polynomials;trace function}, 
doi={10.1109/TIT.2017.2713245}, 
ISSN={0018-9448}, 
month={Feb},}

@article{optimal_LRC, 
author={I. Tamo and A. Barg}, 
journal={IEEE Transactions on Information Theory}, 
title={A Family of Optimal Locally Recoverable Codes}, 
year={2014}, 
volume={60}, 
number={8}, 
pages={4661-4676}, 
keywords={Reed-Solomon codes;encoding;interpolation;polynomials;LRC codes;Reed-Solomon code;code alphabet;code cardinality;code dimension;codeword;disjoint recovering sets;encoding;finite alphabet;finite field;hot data;locality parameter;optimal locally recoverable codes;polynomial interpolation;specially constructed polynomials;Additives;Encoding;Maintenance engineering;Measurement;Polynomials;Reed-Solomon codes;Vectors;Distributed storage;erasure recovery;evaluation codes;hot data}, 
doi={10.1109/TIT.2014.2321280}, 
ISSN={0018-9448}, 
month={Aug},}

@inproceedings {azure,
author = {Cheng Huang and Huseyin Simitci and Yikang Xu and Aaron Ogus and Brad Calder and Parikshit Gopalan and Jin Li and Sergey Yekhanin},
title = {Erasure Coding in Windows Azure Storage},
booktitle = {Presented as part of the 2012 {USENIX} Annual Technical Conference ({USENIX} {ATC} 12)},
year = {2012},
isbn = {978-931971-93-5},
address = {Boston, MA},
pages = {15--26},
url = {https://www.usenix.org/conference/atc12/technical-sessions/presentation/huang},
publisher = {{USENIX}},
}

@article{hadoop,
 author = {Sathiamoorthy, Maheswaran and Asteris, Megasthenis and Papailiopoulos, Dimitris and Dimakis, Alexandros G. and Vadali, Ramkumar and Chen, Scott and Borthakur, Dhruba},
 title = {XORing Elephants: Novel Erasure Codes for Big Data},
 journal = {Proc. VLDB Endow.},
 issue_date = {March 2013},
 volume = {6},
 number = {5},
 month = mar,
 year = {2013},
 issn = {2150-8097},
 pages = {325--336},
 numpages = {12},
 url = {http://dx.doi.org/10.14778/2535573.2488339},
 doi = {10.14778/2535573.2488339},
 acmid = {2488339},
 publisher = {VLDB Endowment},
}

@ARTICLE{GHSY12, 
author={P. Gopalan and C. Huang and H. Simitci and S. Yekhanin}, 
journal={IEEE Transactions on Information Theory}, 
title={On the Locality of Codeword Symbols}, 
year={2012}, 
volume={58}, 
number={11}, 
pages={6925-6934}, 
keywords={linear codes;parity check codes;check symbol;codeword length;codeword symbol;data storage application;erasure correction;information coordinates distance;information coordination locality;information symbol locality;linear code;message length;optimal code;parameter settings;parity coordination;redundancy;structure theorem;worst case distance;Linear code;Parity check codes;Redundancy;Silicon;Systematics;Vectors;Block codes;linear codes}, 
doi={10.1109/TIT.2012.2208937}, 
ISSN={0018-9448}, 
month={Nov},
}

@article{binary_constructions,
 author = {Tamo, Itzhak and Barg, Alexander and Goparaju, Sreechakra and Calderbank, Robert},
 title = {Cyclic LRC Codes, Binary LRC Codes, and Upper Bounds on the Distance of Cyclic Codes},
 journal = {Int. J. Inf. Coding Theory},
 issue_date = {January 2016},
 volume = {3},
 number = {4},
 month = jan,
 year = {2016},
 issn = {1753-7703},
 pages = {345--364},
 numpages = {20},
 url = {https://doi.org/10.1504/IJICOT.2016.079496},
 doi = {10.1504/IJICOT.2016.079496},
 acmid = {3004928},
 publisher = {Inderscience Publishers},
 address = {Inderscience Publishers, Geneva, SWITZERLAND},
 keywords = {binary LRC codes, cyclic LRC codes, distance-optimal cyclic codes, dual distance, irreducible cyclic codes, locally recoverable codes, subfield subcodes, upper bounds},
}


@InProceedings{LRC_on_alg_curves2,
author="Barg, Alexander
and Haymaker, Kathryn
and Howe, Everett W.
and Matthews, Gretchen L.
and V{\'a}rilly-Alvarado, Anthony",
editor="Howe, Everett W.
and Lauter, Kristin E.
and Walker, Judy L.",
title="Locally Recoverable Codes from Algebraic Curves and Surfaces",
booktitle="Algebraic Geometry for Coding Theory and Cryptography",
year="2017",
publisher="Springer International Publishing",
address="Cham",
pages="95--127",
isbn="978-3-319-63931-4",
}

@ARTICLE{LRC_on_alg_curves, 
author={A. Barg and I. Tamo and S. Vladuts}, 
journal={IEEE Transactions on Information Theory}, 
title={Locally Recoverable Codes on Algebraic Curves}, 
year={2017}, 
volume={63}, 
number={8}, 
pages={4928-4939}, 
keywords={Reed-Solomon codes;algebraic codes;Gilbert-Varshamov bound;LRC code;Reed-Solomon codes;algebraic curves;asymptotic problem;automorphism groups;codeword symbols;locally recoverable codes;Electronic mail;Encoding;Interpolation;Poles and towers;Reed-Solomon codes;Reliability;Codes for distributed storage;asymptotic bounds;codes with availability;covering maps;hermitian curves}, 
doi={10.1109/TIT.2017.2700859}, 
ISSN={0018-9448}, 
month={Aug},
}

@article{LRC_fibers,
  title={Locally recoverable codes with availability $t \geq 2$ from fiber products of curves},
  author={Kathryn Haymaker and Beth Malmskog and Gretchen L. Matthews},
  journal={Adv. in Math. of Comm.},
  year={2018},
  volume={12},
  pages={317-336}
}

@article{combinatorial_bounds,
  author    = {Abhishek Agarwal and
               Alexander Barg and
               Sihuang Hu and
               Arya Mazumdar and
               Itzhak Tamo},
  title     = {Combinatorial Alphabet-Dependent Bounds for Locally Recoverable Codes},
  journal   = {{IEEE} Trans. Information Theory},
  volume    = {64},
  number    = {5},
  pages     = {3481--3492},
  year      = {2018},
  url       = {https://doi.org/10.1109/TIT.2018.2800042},
  doi       = {10.1109/TIT.2018.2800042},
  timestamp = {Sun, 06 May 2018 23:58:27 +0200},
  biburl    = {https://dblp.org/rec/bib/journals/tit/AgarwalBHMT18},
  bibsource = {dblp computer science bibliography, https://dblp.org}
}

@article{MR_LRC,
  title={On Maximally Recoverable Local Reconstruction Codes},
  author={Sivakanth Gopi and Venkatesan Guruswami and Sergey Yekhanin},
  journal={Electronic Colloquium on Computational Complexity (ECCC)},
  year={2017},
  volume={24},
  pages={183}
}

@ARTICLE{PD14, 
author={D. S. Papailiopoulos and A. G. Dimakis}, 
journal={IEEE Transactions on Information Theory}, 
title={Locally Repairable Codes}, 
year={2014}, 
volume={60}, 
number={10}, 
pages={5843-5855}, 
keywords={Reed-Solomon codes;flow graphs;random codes;reliability;LRC;Reed-Solomon blocks;code distance;data reliability;distributed storage systems;erasure codes;locality aware flow graph gadget;optimal locally repairable codes;randomized code construction;single node failure events;single node repair;storage capacity;Encoding;Entropy;Joints;Maintenance engineering;Measurement;Peer-to-peer computing;Vectors;Information theory;coding theory;distributed storage}, 
doi={10.1109/TIT.2014.2325570}, 
ISSN={0018-9448}, 
month={Oct},
}

@ARTICLE{RPDV16, 
author={A. S. Rawat and D. S. Papailiopoulos and A. G. Dimakis and S. Vishwanath}, 
journal={IEEE Transactions on Information Theory}, 
title={Locality and Availability in Distributed Storage}, 
year={2016}, 
volume={62}, 
number={8}, 
pages={4481-4493}, 
keywords={Hamming codes;combinatorial mathematics;reliability;Singleton bound;combinatorial structure;distributed storage application;information symbol availability problem;minimum Hamming distance;systematic code;5G mobile communication;Hamming distance;Indexes;Maintenance engineering;Systematics;Upper bound;Coding for distributed storage systems;codes with availability;locally repairable codes;rank-metric codes}, 
doi={10.1109/TIT.2016.2524510}, 
ISSN={0018-9448}, 
month={Aug},
}

@article{list_decoding_LRC,
  author    = {Lukas Holzbaur and
               Antonia Wachter{-}Zeh},
  title     = {List Decoding of Locally Repairable Codes},
  journal   = {CoRR},
  volume    = {abs/1801.04229},
  year      = {2018},
  url       = {http://arxiv.org/abs/1801.04229},
  archivePrefix = {arXiv},
  eprint    = {1801.04229},
  timestamp = {Thu, 01 Feb 2018 19:52:26 +0100},
  biburl    = {https://dblp.org/rec/bib/journals/corr/abs-1801-04229},
  bibsource = {dblp computer science bibliography, https://dblp.org}
}

@article{list_decoding, 
author={S. Johnson}, 
journal={IRE Transactions on Information Theory}, 
title={A new upper bound for error-correcting codes}, 
year={1962}, 
volume={8}, 
number={3}, 
pages={203-207}, 
keywords={Error-correcting codes;Binary codes;Code standards;Density functional theory;Error correction;Error correction codes;Hamming distance;Information theory;Size measurement;Solid modeling;Upper bound}, 
doi={10.1109/TIT.1962.1057714}, 
ISSN={0096-1000}, 
month={April},}

@ARTICLE{wang14, 
author={A. Wang and Z. Zhang}, 
journal={IEEE Transactions on Information Theory}, 
title={Repair Locality With Multiple Erasure Tolerance}, 
year={2014}, 
volume={60}, 
number={11}, 
pages={6979-6987}, 
keywords={error correction codes;linear codes;δ-1 nonoverlapping local repair groups;disk I/O complexity;distributed storage systems;erasure codes;information (r, δ)c-locality;information rate;linear code;local repair tolerance;minimum distance;multiple erasure tolerance;upper bound;Complexity theory;Generators;Information rates;Linear codes;Maintenance engineering;Measurement;Vectors;Distributed storage;erasure codes;hot data;repair locality}, 
doi={10.1109/TIT.2014.2351404}, 
ISSN={0018-9448}, 
month={Nov},}

@article{binary_LRC_decoding2,
  author    = {M. Nikhil Krishnan and
               Bhagyashree Puranik and
               P. Vijay Kumar and
               Itzhak Tamo and
               Alexander Barg},
  title     = {Exploiting Locality for Improved Decoding of Binary Cyclic Codes},
  journal   = {{IEEE} Trans. Communications},
  volume    = {66},
  number    = {6},
  pages     = {2346--2358},
  year      = {2018},
  url       = {https://doi.org/10.1109/TCOMM.2018.2797988},
  doi       = {10.1109/TCOMM.2018.2797988},
  timestamp = {Tue, 10 Jul 2018 09:45:37 +0200},
  biburl    = {https://dblp.org/rec/bib/journals/tcom/KrishnanPKTB18},
  bibsource = {dblp computer science bibliography, https://dblp.org}
}

@inproceedings{binary_LRC_decoding,
  author    = {M. Nikhil Krishnan and
               Bhagyashree Puranik and
               P. Vijay Kumar and
               Itzhak Tamo and
               Alexander Barg},
  title     = {A study on the impact of locality in the decoding of binary cyclic codes},
  booktitle = {2017 {IEEE} International Symposium on Information Theory, {ISIT} 2017, Aachen, Germany, June 25-30, 2017},
  pages     = {176--180},
  year      = {2017},
  crossref  = {DBLP:conf/isit/2017},
  url       = {https://doi.org/10.1109/ISIT.2017.8006513},
  doi       = {10.1109/ISIT.2017.8006513},
  timestamp = {Thu, 17 Aug 2017 12:46:54 +0200},
  biburl    = {https://dblp.org/rec/bib/conf/isit/KrishnanPKTB17},
  bibsource = {dblp computer science bibliography, https://dblp.org}
}
